@Article{1,
  author =       "Sabaa Ahmed Yahya Al-Galal, Imad Fakhri Taha Alshaikhli, and M. M. Abdulrazzaq",
  title =        "MRI brain tumor medical images analysis using deep learning techniques: a systematic review",
  journal =      "Health and Technology",
  volume =       "11",
  number =       "",
  pages =        "267--282",
  year =         "January 2021"
}
@Article{2,
  author =       "Mohammad Abd Alkhalik Basha, Rania Refaat, Safaa A. Ibrahim, Nadia M. Madkour, Awad Mahmoud Awad, Elshaimaa Mohamed Mohamed, Ahmed A. El Sammak, Mohamed M. A. Zaitoun, Hitham A. Dawoud, Mai E. M. Khamis, Heba A. E. Mohamed, Ahmed Mohamed El-Maghraby, Ahmed A. El-Hamid M. Abdalla, Mostafa Mohamad Assy, Mohamad Gamal Nada, Ahmed Ali Obaya, and Eman H. Abdelbary",
  title =        "Gynecology Imaging Reporting and Data System (GI-RADS): diagnostic performance and inter-reviewer agreement",
  journal =      "European Radiology",
  volume =       "29",
  number =       "",
  pages =        "5981--5990",
  year =         "2019"
}
@Article{3,
  author =       "Beryl R. Benacerraf",
  title =        "Three-Dimensional Volume Imaging in Gynecology",
  journal =      "Obstetrics and Gynecology Clinics of North America",
  volume =       "46",
  number =       "4",
  pages =        "755--781",
  year =         "December 2019"
}
@Article{4,
  author =       "L. Drukker, J.A. Noble, and A.T. Papageorghiou",
  title =        "Introduction to artificial intelligence in ultrasound imaging in obstetrics and gynecology",
  journal =      "Ultrasound in Obstetrics & Gynecology",
  volume =       "56",
  number =       "4",
  pages =        "489--505",
  year =         "October 2020"
}
@Article{5,
  author =       "R. Elakkiya, Kuppa Sai Sri Teja, L. Jegatha Deborah, Carmen Bisogni, and Carlo Medaglia",
  title =        "Imaging based cervical cancer diagnostics using small object detection - generative adversarial networks",
  journal =      "Multimedia Tools and Applications",
  volume =       "80",
  number =       "",
  pages =        "1191--1215",
  year =         "March 2021"
}
@Article{6,
  author =       "Elzbieta Luczynska and Zbigniew Kojs",
  title =        "Diagnostic imaging in gynecology",
  journal =      "Ginekologia Polska",
  volume =       "93",
  number =       "1",
  pages =        "63--69",
  year =         "January 2022"
}
@Article{7,
  author =       "Jiahao Huang, Weiping Ding, Jun Lv, Jingwen Yang, Hao Dong, Javier Del Ser, Jun Xia, Tiaojuan Ren, Stephen T. Wong, and Guang Yang",
  title =        "Edge-enhanced dual discriminator generative adversarial network for fast MRI with parallel imaging using multi-view information",
  journal =      "Applied Intelligence",
  volume =       "52",
  number =       "",
  pages =        "14693--14710",
  year =         "January 2022"
}
@Article{8,
  author =       "Zi Huai Huang, Lianghong Chen, Yan Sun, Qian Liu, and Pingzhao Hu",
  title =        "Conditional generative adversarial network driven radiomic prediction of mutation status based on magnetic resonance imaging of breast cancer",
  journal =      "Journal of Translational Medicine",
  volume =       "22",
  number =       "",
  pages =        "226",
  year =         "February 2024"
}
@Article{9,
  author =       "Mohamad Koohi-Moghadam and Kyongtae Ty Bae",
  title =        "Generative AI in Medical Imaging: Applications, Challenges, and Ethics",
  journal =      "Journal of Medical Systems",
  volume =       "47",
  number =       "",
  pages =        "94",
  year =         "August 2023"
}
@Article{10,
  author =       "Jianpeng Li, Kangyang Cao, Hongxin Lin, Lei Deng, Shuiqing Yang, Yun Gao, Manqiu Liang, Chuxuan Lin, Weijing Zhang, Chuanmiao Xie, Kunlin Zhang, Jiexin Luo, Zhaohong Pan, Peiyan Yue, Yujian Zou, and Bingsheng Huang",
  title =        "Predicting muscle invasion in bladder cancer by deep learning analysis of MRI: comparison with vesical imaging–reporting and data system",
  journal =      "European Radiology",
  volume =       "33",
  number =       "",
  pages =        "2699--2709",
  year =         "November 2022"
}
@Article{11,
  author =       "Jiang, Y., Zhang, Y. & Zhang, F.",
  title =        "Infrared Single Pixel Imaging Based on Generative Adversarial Network",
  journal =      "Journal of Shanghai Jiaotong University (Science) ",
  volume =       "",
  number =       "",
  pages =        "",
  year =         "October 2023"
}
@Article{12,
  author =       "Elena Jost, Philipp Kosian, Jorge Jimenez Cruz, Shadi Albarqouni, Ulrich Gembruch, Brigitte Strizek, and Florian Recker",
  title =        "Evolving the Era of 5D Ultrasound? A Systematic Literature Review on the Applications for Artificial Intelligence Ultrasound Imaging in Obstetrics and Gynecology",
  journal =      "Journal of Clinical Medicine",
  volume =       "12",
  number =       "",
  pages =        "6833",
  year =         "October 2023"
}
@Article{13,
  author =       "Hengjin Ke, Dan Chen, Quanming Yao, Yunbo Tang, Jia Wu, Jessica Monaghan, Paul Sowman, and David McAlpine",
  title =        "Deep Factor Learning for Accurate Brain Neuroimaging Data Analysis on Discrimination for Structural MRI and Functional MRI",
  journal =      "IEEE/ACM Transactions on Computational Biology and Bioinformatics",
  volume =       "",
  number =       "",
  pages =        "",
  year =         "March 2023"
}
@Article{14,
  author =       "Kiduk Kim, Kyungjin Cho, Ryoungwoo Jang, Sunggu Kyung, Soyoung Lee, Sungwon Ham, Edward Choi, Gil-Sun Hong, and Namkug Kim",
  title =        "Updated Primer on Generative Artificial Intelligence and Large Language Models in Medical Imaging for Medical Professionals",
  journal =      "Korean Journal of Radiology",
  volume =       "25",
  number =       "3",
  pages =        "224--242",
  year =         "March 2024"
}
@Article{15,
  author =       "Wonjun Ko, Wonsik Jung, Eunjin Jeon, and Heung-Il Suk",
  title =        "A Deep Generative–Discriminative Learning for Multimodal Representation in Imaging Genetics",
  journal =      "IEEE Transactions on Medical Imaging",
  volume =       "41",
  number =       "9",
  pages =        "2348--2361",
  year =         "September 2022"
}
@Article{16,
  author =       "Maria Elena Laino, Pierandrea Cancian, Letterio Salvatore Politi, Matteo Giovanni Della Porta, Luca Saba, and Victor Savevski",
  title =        "Generative Adversarial Networks in Brain Imaging: A Narrative Review",
  journal =      "Journal of Imaging",
  volume =       "8",
  number =       "",
  pages =        "83",
  year =         "April 2022"
}
@Article{16,
  author =       "Jianpeng Li, Kangyang Cao, Hongxin Lin, Lei Deng, Shuiqing Yang, Yun Gao, Manqiu Liang, Chuxuan Lin, Weijing Zhang, Chuanmiao Xie, Kunlin Zhang, Jiexin Luo, Zhaohong Pan, Peiyan Yue, Yujian Zou, and Bingsheng Huang",
  title =        "Predicting muscle invasion in bladder cancer by deep learning analysis of MRI: comparison with vesical imaging–reporting and data system",
  journal =      "European Radiology",
  volume =       "33",
  number =       "",
  pages =        "2699--2709",
  year =         "November 2022"
}
@Article{17,
  author =       "Ming Li, Jiping Wang, Yang Chen, Yufei Tang, Zhongyi Wu, Yujin Qi, Haochuan Jiang, Jian Zheng, and Benjamin M. W. Tsui",
  title =        "Low-Dose CT Image Synthesis for Domain Adaptation Imaging Using a Generative Adversarial Network With Noise Encoding Transfer Learning",
  journal =      "IEEE Transactions on Medical Imaging",
  volume =       "42",
  number =       "9",
  pages =        "2616--2630",
  year =         "September 2023"
}
@Article{18,
  author =       "Wei Li, Ksenia Abrashitova, Gerwin Osnabrugge, and Lyubov V. Amitonova",
  title =        "Generative Adversarial Network for Superresolution Imaging through a Fiber",
  journal =      "Physical Review Applied",
  volume =       "18",
  number =       "3",
  pages =        "034075",
  year =         "September 2022"
}
@Article{19,
  author =       "Yuting Li, Yaheng Fan, Dinghua Xu, Yan Li, Zhangnan Zhong, Haoyu Pan, Bingsheng Huang, Xiaotong Xie, Yang Yang, and Bihua Liu",
  title =        "Deep learning radiomic analysis of DCE-MRI combined with clinical characteristics predicts pathological complete response to neoadjuvant chemotherapy in breast cancer",
  journal =      "Frontiers in Oncology",
  volume =       "12",
  number =       "",
  pages =        "1041142",
  year =         "January 2023"
}
@Article{20,
  author =       "Mingjie Liu, Wei Zou, Wentao Wang, Cheng-Bin Jin, Junsheng Chen, and Changhao Piao",
  title =        "Multi-Conditional Constraint Generative Adversarial Network-Based MR Imaging from CT Scan Data",
  journal =      "Sensors",
  volume =       "22",
  number =       "",
  pages =        "4043",
  year =         "May 2022"
}
@Article{21,
  author =       "Maroua Mehri, Guillaume Calmon, Freddy Odille, Julien Oster, and Alain Lalande",
  title =        "A Generative Adversarial Network to Synthesize 3D Magnetohydrodynamic Distortions for Electrocardiogram Analyses Applied to Cardiac Magnetic Resonance Imaging",
  journal =      "Sensors",
  volume =       "23",
  number =       "",
  pages =        "8691",
  year =         "October 2023"
}
@Article{22,
  author =       "Zhao Pei, Min Jin, Yanning Zhang, Miao Ma, and Yee-Hong Yang",
  title =        "All-in-focus synthetic aperture imaging using generative adversarial network-based semantic inpainting",
  journal =      "Pattern Recognition",
  volume =       "111",
  number =       "",
  pages =        "107669",
  year =         "September 2021"
}
@Article{23,
  author =       "Hong Peng, Chen Jiang, Jing Cheng, Minghui Zhang, Shanshan Wang, Dong Liang, and Qiegen Liu",
  title =        "One-Shot Generative Prior in Hankel-k-Space for Parallel Imaging Reconstruction",
  journal =      "IEEE Transactions on Medical Imaging",
  volume =       "42",
  number =       "11",
  pages =        "3420--3434",
  year =         "November 2023"
}
@Article{24,
  author =       "Battula Srinivasa Rao and Mudiyala Aparna",
  title =        "A Review on Alzheimer’s Disease Through Analysis of MRI Images Using Deep Learning Techniques",
  journal =      "IEEE Access",
  volume =       "11",
  number =       "",
  pages =        "71542--71554",
  year =         "July 2023"
}
@Article{25,
  author =       "Sadeena Sabnam and Sivakumar Rajagopal",
  title =        "Application of generative adversarial networks in image, face reconstruction and medical imaging: challenges and the current progress",
  journal =      "Computer Methods in Biomechanics and Biomedical Engineering: Imaging & Visualization",
  volume =       "12",
  number =       "1",
  pages =        "2330524",
  year =         "March 2024"
}
@Article{26,
  author =       "Sabaa Ahmed Yahya Al-Galal, Imad Fakhri Taha Alshaikhli, and M. M. Abdulrazzaq",
  title =        "MRI brain tumor medical images analysis using deep learning techniques: a systematic review",
  journal =      "Health and Technology",
  volume =       "11",
  number =       "",
  pages =        "267--282",
  year =         "January 2021"
}
@Article{27,
  author =       "R. Elakkiya, Kuppa Sai Sri Teja, L. Jegatha Deborah, Carmen Bisogni, and Carlo Medaglia",
  title =        "Imaging based cervical cancer diagnostics using small object detection - generative adversarial networks",
  journal =      "Multimedia Tools and Applications",
  volume =       "81",
  number =       "",
  pages =        "191--207",
  year =         "February 2021"
}
@Article{28,
  author =       "Zhao Pei, Min Jin, Yanning Zhang, Miao Ma, and Yee-Hong Yang",
  title =        "All-in-focus synthetic aperture imaging using generative adversarial network-based semantic inpainting",
  journal =      "Pattern Recognition",
  volume =       "111",
  number =       "",
  pages =        "107669",
  year =         "September 2021"
}
@Article{29,
  author =       "Shujun Zhang, Shuhao Xu, Liwei Tan, Hongyan Wang, and Jianli Meng",
  title =        "Stroke Lesion Detection and Analysis in MRI Images Based on Deep Learning",
  journal =      "Journal of Healthcare Engineering",
  volume =       "2021",
  number =       "",
  pages =        "",
  year =         "April 2021"
}
@Article{30,
  author =       "Mohammed Saleh, Mayur Virarkar, Sanaz Javadi, Sherif B. Elsherif, Silvana de Castro Faria, and Priya Bhosale",
  title =        "Cervical Cancer: 2018 Revised International Federation of Gynecology and Obstetrics Staging System and the Role of Imaging",
  journal =      "American Journal of Roentgenology",
  volume =       "214",
  number =       "",
  pages =        "1--14",
  year =         "May 2020"
}
@Article{31,
  author =       "Hui Xue, Rhodri H. Davies, Louise A. E. Brown, Kristopher D. Knott, Tushar Kotecha, Marianna Fontana, Sven Plein, James C. Moon, and Peter Kellman",
  title =        "Automated Inline Analysis of Myocardial Perfusion MRI with Deep Learning",
  journal =      "Radiology: Artificial Intelligence",
  volume =       "2",
  number =       "6",
  pages =        "",
  year =         "December 2020"
}
@Article{32,
  author =       "Xin Yi, Ekta Walia, and Paul Babyn",
  title =        "Generative adversarial network in medical imaging: A review",
  journal =      "Medical Image Analysis",
  volume =       "58",
  number =       "",
  pages =        "101552",
  year =         "August 2019"
}
@Article{33,
  author =       "Showrov Islam, Md. Tarek Aziz, Hadiur Rahman Nabil, Jamin Rahman Jim, M. F. Mridha, Md. Mohsin Kabir, Nobuyoshi Asai, and Jungpil Shin",
  title =        "Generative Adversarial Networks (GANs) in Medical Imaging: Advancements, Applications, and Challenges",
  journal =      "IEEE Access",
  volume =       "12",
  number =       "",
  pages =        "35728--35747",
  year =         "February 2024"
}
@Article{34,
  author =       "Marzieh Esmaeili, Amirhosein Toosi, Arash Roshanpoor, Vahid Changizi, Marjan Ghazisaeedi, Arman Rahmim, and Mohammad Sabokrou",
  title =        "Generative Adversarial Networks for Anomaly Detection in Biomedical Imaging: A Study on Seven Medical Image Datasets",
  journal =      "IEEE Access",
  volume =       "11",
  number =       "",
  pages =        "17906--17919",
  year =         "February 2023"
}
